@article{Achaz2009,
  title={Frequency spectrum neutrality tests: one for all and all for one},
  author={Achaz, Guillaume},
  journal={Genetics},
  volume={183},
  number={1},
  pages={249--258},
  year={2009},
  publisher={Genetics}
}

@article{Alcala2017,
  title={Mathematical constraints on FST: biallelic markers in arbitrarily many populations},
  author={Alcala, Nicolas and Rosenberg, Noah A},
  journal={Genetics},
  pages={genetics--116},
  year={2017},
  publisher={Genetics Soc America}
}

@article{Clark2005,
  title={Ascertainment bias in studies of human genome-wide polymorphism},
  author={Clark, Andrew G and Hubisz, Melissa J and Bustamante, Carlos D and Williamson, Scott H and Nielsen, Rasmus},
  journal={Genome research},
  volume={15},
  number={11},
  pages={1496--1502},
  year={2005},
  publisher={Cold Spring Harbor Lab}
}

@book{Durrett2008,
  title={Probability Models for DNA Sequence Evolution},
  author={Durrett, Richard},
  year={2008},
  publisher={Springer Science \& Business Media}
}

@article{Edge2014,
  title={Upper bounds on {$F_{ST}$} in terms of the frequency of the most frequent allele and total homozygosity: the case of a specified number of alleles},
  author={Edge, Michael D and Rosenberg, Noah A},
  journal={Theoretical Population Biology},
  volume={97},
  pages={20--34},
  year={2014},
  publisher={Academic Press}
}

@article{Fay2000,
  title={Hitchhiking under positive Darwinian selection},
  author={Fay, Justin C and Wu, Chung-I},
  journal={Genetics},
  volume={155},
  number={3},
  pages={1405--1413},
  year={2000},
  publisher={Genetics}
}

@article{Ferretti2010,
  title={Optimal neutrality tests based on the frequency spectrum},
  author={Ferretti, Luca and Perez-Enciso, Miguel and Ramos-Onsins, Sebastian},
  journal={Genetics},
  volume={186},
  number={1},
  pages={353--365},
  year={2010},
  publisher={Genetics}
}

@article{Ferretti2013,
  title={Population genomics from pool sequencing},
  author={Ferretti, Luca and Ramos-Onsins, Sebasti{\'a}n E and P{\'e}rez-Enciso, Miguel},
  journal={Molecular ecology},
  volume={22},
  number={22},
  pages={5561--5576},
  year={2013},
  publisher={Wiley Online Library}
}

@article{Fu1993,
  title={Statistical tests of neutrality of mutations.},
  author={Fu, Yun-Xin and Li, Wen-Hsiung},
  journal={Genetics},
  volume={133},
  number={3},
  pages={693--709},
  year={1993},
  publisher={Genetics Soc America}
}

@article{Garud2015,
  title={Enhancing the mathematical properties of new haplotype homozygosity statistics for the detection of selective sweeps},
  author={Garud, Nandita R and Rosenberg, Noah A},
  journal={Theoretical Population Biology},
  volume={102},
  pages={94--101},
  year={2015},
  publisher={Elsevier}
}

@article{Hedrick1999,
  title={Highly variable loci and their interpretation in evolution and conservation},
  author={Hedrick, Philip W},
  journal={Evolution},
  volume={53},
  OPTnumber={2},
  pages={313--318},
  year={1999},
  publisher={BioOne}
}

@article{Hedrick2005,
  title={A standardized genetic differentiation measure},
  author={Hedrick, Philip W},
  journal={Evolution},
  volume={59},
  OPTnumber={8},
  pages={1633--1638},
  year={2005},
  publisher={BioOne}
}

@article{Jakobsson2013,
  title={The relationship between {$F_{ST}$} and the frequency of the most frequent allele},
  author={Jakobsson, Mattias and Edge, Michael D and Rosenberg, Noah A},
  journal={Genetics},
  volume={193},
  OPTnumber={2},
  pages={515--528},
  year={2013},
  publisher={Genetics}
}

@article{Karamata1932,
  title={Sur une in{\'e}galit{\'e} relative aux fonctions convexes},
  author={Karamata, Jovan},
  journal={Publications de l'Institut Mathematique},
  volume={1},
  OPTnumber={1},
  pages={145--147},
  year={1932},
  publisher={Matemati{\v{c}}ki institut SANU}
}

@article{Korneliussen2013,
  title={Calculation of Tajima's $D$ and other neutrality test statistics from low depth next-generation sequencing data},
  author={Korneliussen, Thorfinn Sand and Moltke, Ida and Albrechtsen, Anders and Nielsen, Rasmus},
  journal={BMC bioinformatics},
  volume={14},
  number={1},
  pages={289},
  year={2013},
  publisher={BioMed Central}
}

@book{Legendre1998,
  title={Numerical Ecology. Second English Edition},
  author={Legendre, Pierre and Legendre, Louis},
  year={1998},
  publisher={Amsterdam: Elsevier},
  OPTISBN={0-444-89250-8}
}

@article{Long2003,
  title={Human genetic diversity and the nonexistence of biological races},
  author={Long, Jeffrey C and Kittles, Rick A},
  journal={Human Biology},
  volume={75},
  OPTnumber={4},
  pages={449--471},
  year={2003},
  publisher={Wayne State University Press}
}

@article{Lewontin1972,
  title={The apportionment of human diversity},
  author={Lewontin, Richard C},
  journal={Evolutionary Biology},
  volume={6},
  pages={381--398},
  year={1972},
  publisher={Springer}
}

@book{Marshall2010,
  title={Inequalities: Theory of Majorization and Its Applications},
  author={Marshall, Arnold W and Olkin, Ingram and Arnold, Barry},
  year={2010},
  publisher={New York: Springer},
  OPTISBN={9780387400877}
}

@article{Maruki2012,
  title={Purifying selection modulates the estimates of population differentiation and confounds genome-wide comparisons across single-nucleotide polymorphisms},
  author={Maruki, Takahiro and Kumar, Sudhir and Kim, Yuseob},
  journal={Molecular Biology and Evolution},
  volume={29},
  OPTnumber={12},
  pages={3617--3623},
  year={2012},
  publisher={SMBE}
}

@article{Reddy2012,
  title={Refining the relationship between homozygosity and the frequency of the most frequent allele},
  author={Reddy, Shashir B and Rosenberg, Noah A},
  journal={Journal of Mathematical Biology},
  volume={64},
  OPTnumber={1-2},
  pages={87--108},
  year={2012},
  publisher={Springer}
}

@article{Rosenberg2008,
  title={The relationship between homozygosity and the frequency of the most frequent allele},
  author={Rosenberg, Noah A and Jakobsson, Mattias},
  journal={Genetics},
  volume={179},
  OPTnumber={4},
  pages={2027--2036},
  year={2008},
  publisher={Genetics Society of America}
}

@article{Rosenberg2005,
  title={Clines, clusters, and the effect of study design on the inference of human population structure},
  author={Rosenberg, Noah A and Mahajan, Saurabh and Ramachandran, Sohini and Zhao, Chengfeng and Pritchard, Jonathan K and Feldman, Marcus W},
  journal={PLoS Genetics},
  volume={1},
  OPTnumber={6},
  pages={e70},
  year={2005},
  publisher={Public Library of Science}
}